@article{王茜2011Android,
  title={Android嵌入式系统架构及内核浅析},
  author={王茜},
  journal={电脑开发与应用},
  volume={24},
  number={4},
  pages={59-61},
  year={2011}
}
@phdthesis{郭兴伟2003基于视觉的手势识别算法研究,
  title={基于视觉的手势识别算法研究},
  author={郭兴伟},
  year={2003},
  address={上海},
  language={zh},
  school={上海海联学院}
}
@article{张建平2013基于,
  title={基于Android校园即时信息系统研究},
  author={张建平},
  journal={电子设计工程},
  volume={21},
  number={20},
  pages={117--120},
  year={2013}
}
@masterthesis{黄柏林2002基于边界特征的人脸识别,
  title={基于边界特征的人脸识别},
  author={黄柏林},
  year={2002},
  address={上海},
  language={zh},
  school={上海海运学院}
}
@phdthesis{何阳清2004基于几何特征的手势识别算法研究,
  title={基于几何特征的手势识别算法研究},
  author={何阳清},
  year={2004},
  address={上海},
  language={zh},
  school={上海海事大学}
}
@masterthesis{王赞超2013,
  title={基于Android平台的视觉手势识别研究},
  author={王赞超},
  year={2013},
  address={西安},
  language={zh},
  school={西安电子科技大学}
}
@phdthesis{殷涛2004基于几何矩的手势识别算法,
  title={基于几何矩的手势识别算法},
  author={殷涛},
  year={2004},
  address={上海},
  language={zh},
  school={上海海事大学}
}
@masterthesis{罗翔2010symbian,
  title={Symbian 平台软件下载管理系统的设计与实现},
  author={罗翔},
  school={北京邮电大学},
  address={北京},
  language={zh},
  year={2010}
}
@phdthesis{单李旺2009android,
  title={Android 操作平台的研究与应用},
  author={单李旺},
  year={2009},
  address={天津},
  language={zh},
  school={南开大学}
}
@article{张华2012android,
  title={Android 应用软件发展趋势与关键技术探索},
  author={张华 and 刘铁英},
  journal={商场现代化},
  number={28},
  pages={175--175},
  year={2012}
}
@article{秦小文2011基于,
  title={基于 OpenCV 的图像处理},
  author={秦小文 and 温志芳 and 乔维维},
  journal={电子测试},
  number={7},
  pages={39--41},
  year={2011}
}
@article{王昭威2013基于,
  title={基于 OpenCV 的图像特征提取与匹配},
  author={王昭威 and 李钊},
  journal={软件},
  volume={34},
  number={11},
  pages={147--148},
  year={2013}
}
@phdthesis{许瑾2011基于,
  title={基于 Android 平台音乐播放器的设计与实现},
  author={许瑾},
  year={2011},
  address={北京},
  language={zh},
  school={北京邮电大学}
}
@article{erol2007vision,
  title={Vision-based hand pose estimation: A review},
  author={Erol, Ali and Bebis, George and Nicolescu, Mircea and Boyle, Richard D and Twombly, Xander},
  journal={Computer Vision and Image Understanding},
  volume={108},
  number={1},
  pages={52--73},
  year={2007},
  publisher={Elsevier}
}
@article{lee1995model,
  title={Model-based analysis of hand posture},
  author={Lee, Jintae and Kunii, Tosiyasu L},
  journal={Computer Graphics and Applications, IEEE},
  volume={15},
  number={5},
  pages={77--86},
  year={1995},
  publisher={IEEE}
}
@article{祝志远2015基于,
  title={基于 OpenCV 实现 Android 系统对摄像头的调用及操作},
  author={祝志远 and 张庆辉},
  journal={信息与电脑 (理论版)},
  volume={2},
  pages={002},
  year={2015}
}